@misc{Course,
      author = "Cyrill Stachniss",
      title = "SLAM-Course",
      month = "Sept",
      year ="2014",
      howpublished = "Video Course: https://www.youtube.com/playlist?list=PLgnQpQtFTOGQrZ4O5QzbIHgl3b1JHimN_",
      
},
@book{Proballistic,
 author = {Thrun, Sebastian and Burgard, Wolfram and Fox, Dieter},
 title = {Probabilistic Robotics (Intelligent Robotics and Autonomous Agents)},
 year = {2005},
 isbn = {0262201623},
 publisher = {The MIT Press},
} 

@inproceedings{unscented,
  title={The unscented Kalman filter for nonlinear estimation},
  author={Wan, Eric and Van Der Merwe, Ronell and others},
  booktitle={Adaptive Systems for Signal Processing, Communications, and Control Symposium 2000. AS-SPCC. The IEEE 2000},
  pages={153--158},
  year={2000},
  organization={IEEE}
}

@article{graph,
  title={A tutorial on graph-based SLAM},
  author={Grisetti, Giorgio and K{\"u}mmerle, Rainer and Stachniss, Cyrill and Burgard, Wolfram},
  journal={Intelligent Transportation Systems Magazine, IEEE},
  volume={2},
  number={4},
  pages={31--43},
  year={2010},
  publisher={IEEE}
}